@article{Gu:2018gmy,
      slaccitation  = "%%CITATION = ARXIV:1811.02577;%%",
      author        = "Gu, Jie and Haghighat, Babak and Sun, Kaiwen and Wang,Xin",
      title         = "{Blowup Equations for 6d SCFTs. I}",
      eprint        = "1811.02577",
      primaryclass  = "hep-th",
      year          = "2018",
      archiveprefix = "arXiv",
}

@article{Huang:2017mis,
      doi           = "10.1007/JHEP10(2018)196",
      primaryclass  = "hep-th",
      author        = "Huang, Min-xin and Sun, Kaiwen and Wang, Xin",
      journal       = "JHEP",
      title         = "{Blowup Equations for Refined Topological Strings}",
      pages         = "196",
      volume        = "10",
      reportnumber  = "USTC-ICTS-17-13",
      eprint        = "1711.09884",
      slaccitation  = "%%CITATION = ARXIV:1711.09884;%%",
      year          = "2018",
      archiveprefix = "arXiv",
}

@article{Gu:2017ccq,
      doi           = "10.1007/JHEP05(2017)130",
      primaryclass  = "hep-th",
      author        = "Gu, Jie and Huang, Min-xin and Kashani-Poor, Amir-Kian and Klemm, Albrecht",
      journal       = "JHEP",
      title         = "{Refined BPS invariants of 6d SCFTs from anomalies and modularity}",
      pages         = "130",
      volume        = "05",
      eprint        = "1701.00764",
      slaccitation  = "%%CITATION = ARXIV:1701.00764;%%",
      year          = "2017",
      archiveprefix = "arXiv",
}
@article{Nekrasov:2002qd,
      author         = "Nekrasov, Nikita A.",
      title          = "{Seiberg-Witten Prepotential from Instanton Counting}",
      journal        = "Adv. Theor. Math. Phys.",
      volume         = "7",
      year           = "2003",
      number         = "5",
      pages          = "831-864",
      doi            = "10.4310/ATMP.2003.v7.n5.a4",
      eprint         = "hep-th/0206161",
      archivePrefix  = "arXiv",
      primaryClass   = "hep-th",
      reportNumber   = "ITEP-TH-22-02, IHES-P-04-22",
      SLACcitation   = "%%CITATION = HEP-TH/0206161;%%"
}



@article{Nekrasov:2003rj,
      author         = "Nekrasov, Nikita and Okounkov, Andrei",
      title          = "{Seiberg-Witten Theory and Random Partitions}",
      journal        = "Prog. Math.",
      volume         = "244",
      year           = "2006",
      pages          = "525-596",
      doi            = "10.1007/0-8176-4467-9_15",
      eprint         = "hep-th/0306238",
      archivePrefix  = "arXiv",
      primaryClass   = "hep-th",
      reportNumber   = "ITEP-TH-36-03, PUDM-2003, IHES-P-03-43",
      SLACcitation   = "%%CITATION = HEP-TH/0306238;%%"
}



@article{Intriligator:1997pq,
      author         = "Intriligator, Kenneth A. and Morrison, David R. and
                        Seiberg, Nathan",
      title          = "{Five-Dimensional Supersymmetric Gauge Theories and Degenerations of Calabi-Yau Spaces}",
      journal        = "Nucl. Phys.",
      volume         = "B497",
      year           = "1997",
      pages          = "56-100",
      doi            = "10.1016/S0550-3213(97)00279-4",
      eprint         = "hep-th/9702198",
      archivePrefix  = "arXiv",
      primaryClass   = "hep-th",
      reportNumber   = "RU-96-99, IASSNS-HEP-96-112",
      SLACcitation   = "%%CITATION = HEP-TH/9702198;%%"
}



@article{Keller:2012da,
      author         = "Keller, Christoph A. and Song, Jaewon",
      title          = "{Counting Exceptional Instantons}",
      journal        = "JHEP",
      volume         = "07",
      year           = "2012",
      pages          = "085",
      doi            = "10.1007/JHEP07(2012)085",
      eprint         = "1205.4722",
      archivePrefix  = "arXiv",
      primaryClass   = "hep-th",
      reportNumber   = "CALT-68-2872",
      SLACcitation   = "%%CITATION = ARXIV:1205.4722;%%"
}



@article{Kim:2018gjo,
      author         = "Kim, Hee-Cheol and Kim, Joonho and Kim, Seok and Lee,
                        Ki-Hong and Park, Jaemo",
      title          = "{6D Strings and Exceptional Instantons}",
      year           = "2018",
      eprint         = "1801.03579",
      archivePrefix  = "arXiv",
      primaryClass   = "hep-th",
      reportNumber   = "KIAS-P18003, SNUTP17-004",
      SLACcitation   = "%%CITATION = ARXIV:1801.03579;%%"
}



@article{DelZotto:2018tcj,
      author         = "Del Zotto, Michele and Lockhart, Guglielmo",
      title          = "{Universal Features of BPS Strings in Six-Dimensional SCFTs}",
      journal        = "JHEP",
      volume         = "08",
      year           = "2018",
      pages          = "173",
      doi            = "10.1007/JHEP08(2018)173",
      eprint         = "1804.09694",
      archivePrefix  = "arXiv",
      primaryClass   = "hep-th",
      SLACcitation   = "%%CITATION = ARXIV:1804.09694;%%"
}



@article{Hayashi:2019yxj,
      author         = "Hayashi, Hirotaka and Kim, Sung-Soo and Lee, Kimyeong and
                        Yagi, Futoshi",
      title          = "{Rank-3 Antisymmetric Matter on 5-Brane Webs}",
      year           = "2019",
      eprint         = "1902.04754",
      archivePrefix  = "arXiv",
      primaryClass   = "hep-th",
      reportNumber   = "KIAS-P19004",
      SLACcitation   = "%%CITATION = ARXIV:1902.04754;%%"
}


